@inproceedings{DBLP:conf/sat/HickeyB19,
  author    = {Randy Hickey and
               Fahiem Bacchus},
  editor    = {Mikol{\'{a}}s Janota and
               In{\^{e}}s Lynce},
  title     = {Speeding Up Assumption-Based {SAT}},
  booktitle = {Theory and Applications of Satisfiability Testing - {SAT} 2019 - 22nd
               International Conference, {SAT} 2019, Lisbon, Portugal, July 9-12,
               2019, Proceedings},
  series    = {Lecture Notes in Computer Science},
  volume    = {11628},
  pages     = {164--182},
  publisher = {Springer},
  year      = {2019},
  url       = {https://doi.org/10.1007/978-3-030-24258-9\_11},
  doi       = {10.1007/978-3-030-24258-9\_11},
  timestamp = {Mon, 01 Jul 2019 14:18:25 +0200},
  biburl    = {https://dblp.org/rec/bib/conf/sat/HickeyB19},
  bibsource = {dblp computer science bibliography, https://dblp.org}
}

@inproceedings{DBLP:conf/sat/NadelR18,
  author    = {Alexander Nadel and
               Vadim Ryvchin},
  editor    = {Olaf Beyersdorff and
               Christoph M. Wintersteiger},
  title     = {Chronological Backtracking},
  booktitle = {Theory and Applications of Satisfiability Testing - {SAT} 2018 - 21st
               International Conference, {SAT} 2018, Held as Part of the Federated
               Logic Conference, FloC 2018, Oxford, UK, July 9-12, 2018, Proceedings},
  series    = {Lecture Notes in Computer Science},
  volume    = {10929},
  pages     = {111--121},
  publisher = {Springer},
  year      = {2018},
  url       = {https://doi.org/10.1007/978-3-319-94144-8\_7},
  doi       = {10.1007/978-3-319-94144-8\_7},
  timestamp = {Mon, 16 Sep 2019 15:30:17 +0200},
  biburl    = {https://dblp.org/rec/bib/conf/sat/NadelR18},
  bibsource = {dblp computer science bibliography, https://dblp.org}
}

@inproceedings{DBLP:conf/sat/MohleB19,
  author    = {Sibylle M{\"{o}}hle and
               Armin Biere},
  editor    = {Mikol{\'{a}}s Janota and
               In{\^{e}}s Lynce},
  title     = {Backing Backtracking},
  booktitle = {Theory and Applications of Satisfiability Testing - {SAT} 2019 - 22nd
               International Conference, {SAT} 2019, Lisbon, Portugal, July 9-12,
               2019, Proceedings},
  series    = {Lecture Notes in Computer Science},
  volume    = {11628},
  pages     = {250--266},
  publisher = {Springer},
  year      = {2019},
  url       = {https://doi.org/10.1007/978-3-030-24258-9\_18},
  doi       = {10.1007/978-3-030-24258-9\_18},
  timestamp = {Mon, 01 Jul 2019 14:18:25 +0200},
  biburl    = {https://dblp.org/rec/bib/conf/sat/MohleB19},
  bibsource = {dblp computer science bibliography, https://dblp.org}
}

@proceedings{DBLP:conf/lpar/2013,
  editor    = {Kenneth L. McMillan and
               Aart Middeldorp and
               Andrei Voronkov},
  title     = {Logic for Programming, Artificial Intelligence, and Reasoning - 19th
               International Conference, LPAR-19, Stellenbosch, South Africa, December
               14-19, 2013. Proceedings},
  series    = {Lecture Notes in Computer Science},
  volume    = {8312},
  publisher = {Springer},
  year      = {2013},
  url       = {https://doi.org/10.1007/978-3-642-45221-5},
  doi       = {10.1007/978-3-642-45221-5},
  isbn      = {978-3-642-45220-8},
  timestamp = {Tue, 14 May 2019 10:00:55 +0200},
  biburl    = {https://dblp.org/rec/bib/conf/lpar/2013},
  bibsource = {dblp computer science bibliography, https://dblp.org}
}

@inproceedings{DBLP:conf/dac/MoskewiczMZZM01,
  author    = {Matthew W. Moskewicz and
               Conor F. Madigan and
               Ying Zhao and
               Lintao Zhang and
               Sharad Malik},
  title     = {Chaff: Engineering an Efficient {SAT} Solver},
  booktitle = {Proceedings of the 38th Design Automation Conference, {DAC} 2001,
               Las Vegas, NV, USA, June 18-22, 2001},
  pages     = {530--535},
  publisher = {{ACM}},
  year      = {2001},
  url       = {https://doi.org/10.1145/378239.379017},
  doi       = {10.1145/378239.379017},
  timestamp = {Wed, 14 Nov 2018 10:58:37 +0100},
  biburl    = {https://dblp.org/rec/bib/conf/dac/MoskewiczMZZM01},
  bibsource = {dblp computer science bibliography, https://dblp.org}
}

@incollection{DBLP:series/faia/SilvaLM09,
  author    = {Jo{\~{a}}o P. Marques Silva and
               In{\^{e}}s Lynce and
               Sharad Malik},
  title     = {Conflict-Driven Clause Learning {SAT} Solvers},
  booktitle = {Handbook of Satisfiability},
  pages     = {131--153},
  year      = {2009},
  url       = {https://doi.org/10.3233/978-1-58603-929-5-131},
  timestamp = {Fri, 09 Jun 2017 11:04:28 +0200},
  biburl    = {https://dblp.org/rec/bib/series/faia/SilvaLM09},
  publisher = {IOS Press},
  bibsource = {dblp computer science bibliography, https://dblp.org}
}