@inproceedings{DBLP:conf/sat/HickeyB19,
  author    = {Randy Hickey and
               Fahiem Bacchus},
  editor    = {Mikol{\'{a}}s Janota and
               In{\^{e}}s Lynce},
  title     = {Speeding Up Assumption-Based {SAT}},
  booktitle = {Theory and Applications of Satisfiability Testing - {SAT} 2019 - 22nd
               International Conference, {SAT} 2019, Lisbon, Portugal, July 9-12,
               2019, Proceedings},
  series    = {Lecture Notes in Computer Science},
  volume    = {11628},
  pages     = {164--182},
  publisher = {Springer},
  year      = {2019},
  url       = {https://doi.org/10.1007/978-3-030-24258-9\_11},
  timestamp = {Mon, 01 Jul 2019 14:18:25 +0200},
  biburl    = {https://dblp.org/rec/bib/conf/sat/HickeyB19},
  bibsource = {dblp computer science bibliography, https://dblp.org}
}

@inproceedings{DBLP:conf/sat/NadelR18,
  author    = {Alexander Nadel and
               Vadim Ryvchin},
  editor    = {Olaf Beyersdorff and
               Christoph M. Wintersteiger},
  title     = {Chronological Backtracking},
  booktitle = {Theory and Applications of Satisfiability Testing - {SAT} 2018 - 21st
               International Conference, {SAT} 2018, Held as Part of the Federated
               Logic Conference, FloC 2018, Oxford, UK, July 9-12, 2018, Proceedings},
  series    = {Lecture Notes in Computer Science},
  volume    = {10929},
  pages     = {111--121},
  publisher = {Springer},
  year      = {2018},
  url       = {https://doi.org/10.1007/978-3-319-94144-8\_7},
  timestamp = {Mon, 16 Sep 2019 15:30:17 +0200},
  biburl    = {https://dblp.org/rec/bib/conf/sat/NadelR18},
  bibsource = {dblp computer science bibliography, https://dblp.org}
}

@inproceedings{DBLP:conf/sat/MohleB19,
  author    = {Sibylle M{\"{o}}hle and
               Armin Biere},
  editor    = {Mikol{\'{a}}s Janota and
               In{\^{e}}s Lynce},
  title     = {Backing Backtracking},
  booktitle = {Theory and Applications of Satisfiability Testing - {SAT} 2019 - 22nd
               International Conference, {SAT} 2019, Lisbon, Portugal, July 9-12,
               2019, Proceedings},
  series    = {Lecture Notes in Computer Science},
  volume    = {11628},
  pages     = {250--266},
  publisher = {Springer},
  year      = {2019},
  url       = {https://doi.org/10.1007/978-3-030-24258-9\_18},
  timestamp = {Mon, 01 Jul 2019 14:18:25 +0200},
  biburl    = {https://dblp.org/rec/bib/conf/sat/MohleB19},
  bibsource = {dblp computer science bibliography, https://dblp.org}
}

@inproceedings{DBLP:conf/dac/MoskewiczMZZM01,
  author    = {Matthew W. Moskewicz and
               Conor F. Madigan and
               Ying Zhao and
               Lintao Zhang and
               Sharad Malik},
  title     = {Chaff: Engineering an Efficient {SAT} Solver},
  booktitle = {Proceedings of the 38th Design Automation Conference, {DAC} 2001,
               Las Vegas, NV, USA, June 18-22, 2001},
  pages     = {530--535},
  publisher = {{ACM}},
  year      = {2001},
  url       = {https://doi.org/10.1145/378239.379017},
  timestamp = {Wed, 14 Nov 2018 10:58:37 +0100},
  biburl    = {https://dblp.org/rec/bib/conf/dac/MoskewiczMZZM01},
  bibsource = {dblp computer science bibliography, https://dblp.org}
}

@incollection{DBLP:series/faia/SilvaLM09,
  author    = {Jo{\~{a}}o P. Marques Silva and
               In{\^{e}}s Lynce and
               Sharad Malik},
  title     = {Conflict-Driven Clause Learning {SAT} Solvers},
  booktitle = {Handbook of Satisfiability},
  pages     = {131--153},
  year      = {2009},
  url       = {https://doi.org/10.3233/978-1-58603-929-5-131},
  timestamp = {Fri, 09 Jun 2017 11:04:28 +0200},
  biburl    = {https://dblp.org/rec/bib/series/faia/SilvaLM09},
  publisher = {IOS Press},
  bibsource = {dblp computer science bibliography, https://dblp.org}
}

@proceedings{DBLP:conf/sat/2015,
  editor    = {Marijn Heule and
               Sean A. Weaver},
  title     = {Theory and Applications of Satisfiability Testing - {SAT} 2015 - 18th
               International Conference, Austin, TX, USA, September 24-27, 2015,
               Proceedings},
  series    = {Lecture Notes in Computer Science},
  volume    = {9340},
  publisher = {Springer},
  year      = {2015},
  url       = {https://doi.org/10.1007/978-3-319-24318-4},
  isbn      = {978-3-319-24317-7},
  timestamp = {Tue, 21 May 2019 09:04:41 +0200},
  biburl    = {https://dblp.org/rec/bib/conf/sat/2015},
  bibsource = {dblp computer science bibliography, https://dblp.org}
}

@inproceedings{DBLP:conf/sat/LiangGPC16,
  author    = {Jia Hui Liang and
               Vijay Ganesh and
               Pascal Poupart and
               Krzysztof Czarnecki},
  editor    = {Nadia Creignou and
               Daniel Le Berre},
  title     = {Learning Rate Based Branching Heuristic for {SAT} Solvers},
  booktitle = {Theory and Applications of Satisfiability Testing - {SAT} 2016 - 19th
               International Conference, Bordeaux, France, July 5-8, 2016, Proceedings},
  series    = {Lecture Notes in Computer Science},
  volume    = {9710},
  pages     = {123--140},
  publisher = {Springer},
  year      = {2016},
  url       = {https://doi.org/10.1007/978-3-319-40970-2\_9},
  timestamp = {Tue, 14 May 2019 10:00:41 +0200},
  biburl    = {https://dblp.org/rec/bib/conf/sat/LiangGPC16},
  bibsource = {dblp computer science bibliography, https://dblp.org}
}

@article{DBLP:journals/jsat/TakRH11,
  author    = {Peter van der Tak and
               Antonio Ramos and
               Marijn Heule},
  title     = {Reusing the Assignment Trail in {CDCL} Solvers},
  journal   = {{JSAT}},
  volume    = {7},
  number    = {4},
  pages     = {133--138},
  year      = {2011},
  url       = {https://satassociation.org/jsat/index.php/jsat/article/view/89},
  timestamp = {Tue, 17 Apr 2018 11:13:04 +0200},
  biburl    = {https://dblp.org/rec/bib/journals/jsat/TakRH11},
  bibsource = {dblp computer science bibliography, https://dblp.org}
}

@article{DBLP:journals/jair/Gent13,
  author    = {Ian P. Gent},
  title     = {Optimal Implementation of Watched Literals and More General Techniques},
  journal   = {J. Artif. Intell. Res.},
  volume    = {48},
  pages     = {231--251},
  year      = {2013},
  url       = {https://doi.org/10.1613/jair.4016},
  timestamp = {Mon, 21 Jan 2019 15:01:17 +0100},
  biburl    = {https://dblp.org/rec/bib/journals/jair/Gent13},
  bibsource = {dblp computer science bibliography, https://dblp.org}
}

@inproceedings{ DBLP:conf/lpar/JiangZ13,
  author    = {Chuan Jiang and
               Ting Zhang},
  editor    = {Kenneth L. McMillan and
               Aart Middeldorp and
               Andrei Voronkov},
  title     = {Partial Backtracking in {CDCL} Solvers},
  booktitle = {Logic for Programming, Artificial Intelligence, and Reasoning - 19th
               International Conference, LPAR-19, Stellenbosch, South Africa, December
               14-19, 2013. Proceedings},
  series    = {Lecture Notes in Computer Science},
  volume    = {8312},
  pages     = {490--502},
  publisher = {Springer},
  year      = {2013},
  url       = {https://doi.org/10.1007/978-3-642-45221-5\_33},
  timestamp = {Tue, 14 May 2019 10:00:55 +0200},
  biburl    = {https://dblp.org/rec/conf/lpar/JiangZ13.bib},
  bibsource = {dblp computer science bibliography, https://dblp.org}
}

@inproceedings{DBLP:conf/ijcai/AudemardS09,
  author    = {Gilles Audemard and
               Laurent Simon},
  editor    = {Craig Boutilier},
  title     = {Predicting Learnt Clauses Quality in Modern {SAT} Solvers},
  booktitle = {{IJCAI} 2009, Proceedings of the 21st International Joint Conference
               on Artificial Intelligence, Pasadena, California, USA, July 11-17,
               2009},
  pages     = {399--404},
  year      = {2009},
  url       = {http://ijcai.org/Proceedings/09/Papers/074.pdf},
  timestamp = {Tue, 20 Aug 2019 16:16:40 +0200},
  biburl    = {https://dblp.org/rec/bib/conf/ijcai/AudemardS09},
  bibsource = {dblp computer science bibliography, https://dblp.org}
}

@Proceedings{Heule2019ProceedingsOS,
                  
 title = "Proc. of SAT Race 2019: Solver and Benchmark Descriptions",
 editor = "Heule, {Marijn J.H.} and Matti J{\"a}rvisalo and Martin Suda",
 year = "2019",
 publisher = "University of Helsinki",
 url = {http://hdl.handle.net/10138/306988}                   
}

@Proceedings{Heule2018ProceedingsOS,
 title = "Proc. of SAT Competition 2018: Solver and Benchmark Descriptions",
 editor = "Heule, {Marijn J. H.} and J{\"a}rvisalo, {Matti Juhani} and Martin Suda",
 year = "2018",
 publisher = "University of Helsinki",
 url = {http://hdl.handle.net/10138/237063}                   
}

@inproceedings{xiao2017maplelrb,
  title={Maplelrb lcm, maple lcm, maple lcm dist, maplelrb lcmoccrestart and glucose-3.0+ width in sat competition 2017},
  author={Xiao, Fan and Luo, Mao and Li, Chu-Min and Manya, Felip and L{\"u}, Zhipeng},
  booktitle={Proc. of SAT Competition 2017: Solver and Benchmark Descrptions},
  publisher = {University of Helsinki},
  year =      2017,
  editor =    {Tom{\'{a}}s Balyo and Marijn J. H. Heule and Matti Juhani J{\"{a}}rvisalo},           pages={22--23},
  url = {http://hdl.handle.net/10138/224324}
}

@inproceedings{DBLP:conf/ijcai/LuoLXML17,
  author    = {Mao Luo and
               Chu{-}Min Li and
               Fan Xiao and
               Felip Many{\`{a}} and
               Zhipeng L{\"{u}}},
  editor    = {Carles Sierra},
  title     = {An Effective Learnt Clause Minimization Approach for {CDCL} {SAT}
               Solvers},
  booktitle = {Proceedings of the Twenty-Sixth International Joint Conference on
               Artificial Intelligence, {IJCAI} 2017, Melbourne, Australia, August
               19-25, 2017},
  pages     = {703--711},
  publisher = {ijcai.org},
  year      = {2017},
  url       = {https://doi.org/10.24963/ijcai.2017/98},
  timestamp = {Tue, 20 Aug 2019 16:16:54 +0200},
  biburl    = {https://dblp.org/rec/conf/ijcai/LuoLXML17.bib},
  bibsource = {dblp computer science bibliography, https://dblp.org}
}

@article{DBLP:journals/jacm/NieuwenhuisOT06,
  author    = {Robert Nieuwenhuis and
               Albert Oliveras and
               Cesare Tinelli},
  title     = {Solving {SAT} and {SAT} Modulo Theories: From an abstract Davis--Putnam--Logemann--Loveland
               procedure to DPLL(\emph{T})},
  journal   = {J. {ACM}},
  volume    = {53},
  number    = {6},
  pages     = {937--977},
  year      = {2006},
  url       = {https://doi.org/10.1145/1217856.1217859},
  timestamp = {Tue, 06 Nov 2018 12:51:45 +0100},
  biburl    = {https://dblp.org/rec/journals/jacm/NieuwenhuisOT06.bib},
  bibsource = {dblp computer science bibliography, https://dblp.org}
}

                  

@PhdThesis{nadelPhD,
  author =       {Alexander Nadel},
  title =        {Understanding and Improving a Modern SAT Solver},
  school =       {Tel Aviv University},
  year =         2009
 }

